@book{benyon10,
    title                  = {Designing Interactive Systems},
    author                 = {David Benyon},
    isbn                   = {978032143533},
    year                   = {2010},
    edition                = {2},
    publisher              = {Pearson Education Limited},
    hyphenation            = {english}
}

@book{molich03,
    hyphenation            = {danish},
    author                 = {Rolf Molich},
    title                  = {Brugervenligt Webdesign},
    publisher              = {DialogDesign},
    year                   = {2003},
    edition                = {2}
}

@book{beyer98,
    title                  = {Contextual Design: Defining Customer-Centered Systems},
    author                 = {Beyer, H. and Holtzblatt, K.},
    isbn                   = {9781558604117},
    lccn                   = {97035927},
    year                   = {1998},
    publisher              = {Morgan Kaufmann},
    chapter                = {3--4},
    pages                  = {41-78},
    hypenation             = {english}
}

@article{mayhew99,
    author                 = {Mayhew, Deborah J.},
    title                  = {Business: Strategic Development of the Usability Engineering Function},
    journaltitle           = {Interactions},
    volume                 = {6},
    issue                  = {5},
    year                   = {1999},
    pages                  = {27--34},
    acmid                  = {312706},
    hypenation             = {english}
}

@inbook{ehn91,
    hyphenation            = {english},
    author                 = {Ehn, Pelle and Kyng, Morten},
    title                  = {Cardboard computers: Mocking-it-up or Hands-on the future},
    booktitle              = {Design at Work: Cooperative Design of Computer Systems},
    publisher              = {Lawrence Erlbaum Associates},
    year                   = {1991},
    pages                  = {169--195}
}
@article{molich00,
    hyphenation            = {english},
    author                 = {Molich, R. and Nielsen, J.},
    title                  = {Improving a human-computer dialogue},
    journaltitle           = {Communications of the ACM},
    volume                 = {33},
    number                 = {3},
    pages                  = {338--348},
    year                   = {1990}
}

@inproceedings{molich07,
    author                 = {Molich, Rolf and Hornbaek, Kasper and Scott, Josephine},
    title                  = {Recommendations on Recommendations},
    booktitle              = {CHI '07 Extended Abstracts on Human Factors in Computing Systems},
    series                 = {CHI EA '07},
    year                   = {2007},
    isbn                   = {978-1-59593-642-4},
    location               = {San Jose, CA, USA},
    pages                  = {1921--1924},
    acmid                  = {1240924}
}

@book{norman90,
    title                  = {The Design of Everyday Things},
    author                 = {Norman, Donald A.},
    isbn                   = {0465067107},
    publisher              = {Basic Books},
    year                   = {2002},
    chapter                = {2},
    pages                  = {34-53}
}

@article{wilson07,
    author                 = {Wilson, Chauncey E.},
    title                  = {Designing Useful and Usable Questionnaires: You Can't Just <<Throw a Questionnaire Together>>},
    journal                = {Interactions},
    volume                 = {14},
    issue                  = {3},
    year                   = {2007},
    pages                  = {48--63},
    acmid                  = {1242453}
}